@inproceedings{manilow2019cutting,
  title={Cutting Music Source Separation Some {Slakh}: A Dataset to Study the Impact of Training Data Quality and Quantity},
  author={Manilow, Ethan and Wichern, Gordon and Seetharaman, Prem and Le Roux, Jonathan},
  booktitle={Proc. IEEE Workshop on Applications of Signal Processing to Audio and Acoustics (WASPAA)},
  year={2019},
  organization={IEEE}
}

@misc{callender2020improving,
    title={Improving Perceptual Quality of Drum Transcription with the Expanded Groove MIDI Dataset},
    author={Lee Callender and Curtis Hawthorne and Jesse Engel},
    year={2020},
    eprint={2004.00188},
    archivePrefix={arXiv},
    primaryClass={cs.SD}
}

@misc{vogl2018multiinstrumentdrumtranscription,
      title={Towards multi-instrument drum transcription}, 
      author={Richard Vogl and Gerhard Widmer and Peter Knees},
      year={2018},
      eprint={1806.06676},
      archivePrefix={arXiv},
      primaryClass={cs.SD},
      url={https://arxiv.org/abs/1806.06676}, 
}